@inproceedings{thomson2015calvinfs,
  title={CalvinFS: consistent wan replication and scalable metadata management for distributed file systems},
  author={Thomson, Alexander and Abadi, Daniel J},
  booktitle={13th USENIX Conference on File and Storage Technologies (FAST 15)},
  pages={1--14},
  year={2015}
}

@inproceedings{calvin,
 author = {Thomson, Alexander and Diamond, Thaddeus and Weng, Shu-Chun and Ren, Kun and Shao, Philip and Abadi, Daniel J.},
 title = {Calvin: Fast Distributed Transactions for Partitioned Database Systems},
 booktitle = {Proceedings of the 2012 ACM SIGMOD International Conference on Management of Data},
 series = {SIGMOD '12},
 year = {2012},
 isbn = {978-1-4503-1247-9},
 location = {Scottsdale, Arizona, USA},
 pages = {1--12},
 numpages = {12},
 url = {http://doi.acm.org/10.1145/2213836.2213838},
 doi = {10.1145/2213836.2213838},
 acmid = {2213838},
 publisher = {ACM},
 address = {New York, NY, USA},
 keywords = {determinism, distributed database systems, replication, transaction processing},
}

@inproceedings{gfs,
 author = {Ghemawat, Sanjay and Gobioff, Howard and Leung, Shun-Tak},
 title = {The Google File System},
 booktitle = {Proceedings of the Nineteenth ACM Symposium on Operating Systems Principles},
 series = {SOSP '03},
 year = {2003},
 isbn = {1-58113-757-5},
 location = {Bolton Landing, NY, USA},
 pages = {29--43},
 numpages = {15},
 url = {http://doi.acm.org/10.1145/945445.945450},
 doi = {10.1145/945445.945450},
 acmid = {945450},
 publisher = {ACM},
 address = {New York, NY, USA},
 keywords = {clustered storage, data storage, fault tolerance, scalability},
}

@INPROCEEDINGS{hdfs, 
author={K. Shvachko and H. Kuang and S. Radia and R. Chansler}, 
booktitle={2010 IEEE 26th Symposium on Mass Storage Systems and Technologies (MSST)}, 
title={The Hadoop Distributed File System}, 
year={2010}, 
pages={1-10}, 
keywords={Internet;distributed databases;network operating systems;Hadoop distributed file system;Yahoo!;data storage;data stream;enterprise data;Bandwidth;Clustering algorithms;Computer architecture;Concurrent computing;Distributed computing;Facebook;File servers;File systems;Protection;Protocols;HDFS;Hadoop;distributed file system}, 
doi={10.1109/MSST.2010.5496972}, 
ISSN={2160-195X}, 
month={May},}